0302        000000       02092PAIE                                              E     0000108001199186                                               11315      
0602        00000017462       BAKADIR YOUSSRA         CAISSE FEDER CIT MUT CEN  E     05454000207960030000000000031500VIR PAIE AOUT P1 2022          10278      
0602        00000017465       BAUDRON ELSA            CRCAM CENTRE EST          E     00305041447566100000000000009000VIR PAIE AOUT P1 2022          17806      
0602        00000017463       GALVEZ COLIN            BANQUE POPULAIRE ATLANTI  E     00552611196255880000000000030000VIR PAIE AOUT P1 2022          13807      
0602        00000017457       GUILLERMONT VIRGINIE LAULA BANQUE POSTALE         E     010071196224S0380000000000024500VIR PAIE AOUT P1 2022          20041      
0602        00000017460       JAUB SEVERINE           STE GENERALE              E     02096000504248380000000000013500VIR PAIE AOUT P1 2022          30003      
0602        00000017466       MLE SANDRINE JEAN       BNP PARIBAS               E     00196000001307880000000000030000VIR PAIE AOUT P1 2022          30004      
0602        00000017464       LAIK MARLENE            CRCAM CENTRE EST          E     00055160920980000000000000009000VIR PAIE AOUT P1 2022          17806      
0602        00000017461       LECHELECHE NORA         CAISSE D EPARGNE DU PAS   E     00300040236257750000000000020700VIR PAIE AOUT P1 2022          16275      
0602        00000017459       LEPROUX-NGABO AUDREY    CAISSE D'EPARGNE          E     00400046617222890000000000006900VIR PAIE AOUT P1 2022          14445      
0602        00000017467       BONNIN MURIELLE         STE NANCEIENNE VARIN BER  E     33705000202154020000000000016800VIR PAIE AOUT P1 2022          30087      
0602        00000017458       VERDIN MARTIAL                                    E     00001021943500010000000000039750VIR PAIE AOUT P1 2022          16598      
0802        000000                                                              E                     0000000000231650                                          
